
@Article{AldaiWichmann2018,
  author        = {Aldai, Gontzal and Wichmann, Søren},
  day           = 25,
  doi           = {10.1515/flin-2018-0006},
  issn          = {0165-4004, 1614-7308},
  journal       = {Folia Linguistica},
  month         = 10,
  number        = 2,
  pages         = {249--281},
  title         = {Statistical observations on hierarchies of transitivity},
  volume        = 52,
  year          = 2018
}

@Article{Anderson1972,
  author        = {Anderson, Richard C.},
  doi           = {10.3102/00346543042002145},
  issn          = {0034-6543, 1935-1046},
  journal       = {Review of Educational Research},
  month         = 6,
  number        = 2,
  pages         = {145--170},
  title         = {How to construct achievement tests to assess comprehension},
  volume        = 42,
  year          = 1972
}

@Article{Armon-LotemMeir2016,
  author        = {Armon-Lotem, Sharon and Meir, Natalia},
  doi           = {10.1111/1460-6984.12242},
  issn          = 13682822,
  journal       = {International Journal of Language & Communication Disorders},
  month         = 11,
  number        = 6,
  pages         = {715--731},
  title         = {Diagnostic accuracy of repetition tasks for the identification of specific language impairment ({SLI}) in bilingual children: evidence from {Russian} and {Hebrew}: {A}ccuracy of
                  repetition tasks for identification of {SLI} in bilingual children},
  volume        = 51,
  year          = 2016
}

@InCollection{ArtoniMagnani2015,
  address       = {Amsterdam},
  author        = {Artoni, Daniele and Magnani, Marco},
  booktitle     = {Grammatical development in second languages: {E}xploring the boundaries of {Processability Theory}},
  editor        = {Bettoni, Camilla and Di Biase, Bruno},
  publisher     = {{EuroSLA}},
  pages         = {177--193},
  series        = {Eurosla Monograph Series},
  title         = {Acquiring case marking in {Russian} as a second language: {A}n exploratory study on subject and object},
  year          = 2015
}

@Book{Baayen2008,
  address       = {Cambridge},
  author        = {Baayen, Harald},
  isbn          = {978-0-521-88259-0},
  note          = {OCLC: ocn166626226},
  publisher     = {Cambridge University Press},
  title         = {Analyzing linguistic data: {A} practical introduction to statistics using {R}},
  year          = 2008,
  numpages      = 353
}

@Book{BachmanPalmer2009,
  address       = {Oxford},
  author        = {Bachman, Lyle F. and Palmer, Adrian S.},
  isbn          = {978-0-19-437148-3},
  note          = {OCLC: ocm35736662},
  publisher     = {Oxford University Press},
  series        = {Oxford Applied Linguistics},
  title         = {Language testing in practice: {D}esigning and developing useful language tests},
  year          = 2009,
  numpages      = 377
}

@Article{Baten2011,
  author        = {Baten, Kristof},
  journal       = {Language Learning},
  number        = 2,
  pages         = {455--505},
  title         = {{Processability Theory} and {German} case acquisition},
  volume        = 61,
  year          = 2011
}

@Book{Baten2013,
  address       = {Amsterdam},
  author        = {Baten, Kristof},
  publisher     = {John Benjamins Publishing Company},
  title         = {The acquisition of the {German} case system by foreign language learners},
  year          = 2013,
  numpages      = 304
}

@Article{BatesEtAl2015,
  author        = {Bates, Douglas and Maechler, Martin and Bolker, Ben and Walker, Steve},
  journal       = {Journal of Statistical Software},
  number        = 1,
  pages         = {1--48},
  title         = {Fitting linear mixed-effects models using {lme4}},
  volume        = 67,
  year          = 2015
}

@InCollection{Bernini2003,
  address       = {Amsterdam},
  author        = {Bernini, Giuliano},
  booktitle     = {Information structure and the dynamics of language acquisition},
  editor        = {Dimroth, Christine and Starren, Marianne},
  isbn          = {90-272-4137-6},
  publisher     = {John Benjamins Publishing},
  pages         = {159--185},
  title         = {The copula in learner {Italian}: {F}initeness and verbal inflection},
  year          = 2003
}

@Article{Bernini2016,
  author        = {Bernini, Giuliano},
  journal       = {Revue Française de Linguistique Appliqueé},
  number        = 2,
  pages         = {139--151},
  title         = {La réalisation phonique des mots en début d’apprentissage de langues secondes},
  volume        = 21,
  year          = 2016
}

@InCollection{Bernini2018Fonetica,
  address       = {Milano},
  author        = {Bernini, Giuliano},
  booktitle     = {Tipologia, acquisizione, grammaticalizzazione [{T}ypology, acquisition, grammaticalization]},
  editor        = {Chini, Marina and Cuzzolin, Pierluigi},
  publisher     = {Franco Angeli},
  pages         = {205--218},
  title         = {Dalla fonetica alla fonologia e alla morfologia: {L}a varietà iniziale di polacco {L2} del progetto {VILLA}},
  year          = 2018
}

@Article{Bernini2018Pattern,
  author        = {Bernini, Giuliano},
  journal       = {Linguistica e Filologia},
  pages         = {85--110},
  title         = {The sound pattern of initial learner varieties},
  volume        = 38,
  year          = 2018
}

@InCollection{BettoniDi-Biase2015,
  address       = {Amsterdam},
  author        = {Bettoni, Camilla and Di Biase, Bruno},
  booktitle     = {Grammatical development in second languages: {E}xploring the boundaries of {Processability Theory}},
  editor        = {Bettoni, Camilla and Di Biase, Bruno},
  publisher     = {{EuroSLA}},
  pages         = {19--80},
  title         = {{Processability Theory}: {T}heoretical bases and universal schedules},
  year          = 2015
}

@Book{BittnerEtAl2000,
  address       = {Berlin},
  editor        = {Bittner, Dagmar and Dressler, Wolfgang and Kilani-Schoch, Marianne},
  publisher     = {{ZAS}},
  title         = {First verbs: {O}n the way to mini-paradigms},
  year          = 2000
}

@Article{Bley-Vroman1983,
  author        = {Bley-Vroman, Robert},
  issn          = {0023-8333},
  journal       = {Language Learning},
  number        = 1,
  pages         = {1--17},
  title         = {The comparative fallacy in interlanguage studies: {T}he case of systematicity},
  volume        = 33,
  year          = 1983
}

@Book{Bondaruk2013,
  address       = {Lublin},
  author        = {Bondaruk, Anna},
  isbn          = {978-83-7702-641-0},
  publisher     = {{Wydawnictwo KUL}},
  title         = {Copular clauses in {English} and {Polish}: {S}tructure, derivation and interpretation},
  year          = 2013,
  numpages      = 373
}

@Article{BorovskyElman2006,
  author        = {Borovsky, Arielle and Elman, Jeff},
  journal       = {Journal of Child Language},
  note          = {PMID: 17153861},
  number        = 4,
  pages         = {759--790},
  title         = {Language input and semantic categories: {A} relation between cognition and early word learning},
  volume        = 33,
  year          = 2006
}

@Book{Bresnan2001,
  address       = {Malden, MA},
  author        = {Bresnan, Joan},
  publisher     = {Blackwell},
  title         = {Lexical-function syntax},
  year          = 2001
}

@InCollection{BroederEtAl1993,
  address       = {Cambrdidge},
  author        = {Broeder, Peter and Extra, Guus and Van Hout, Roeland},
  booktitle     = {Adult language acquisition: cross-linguistic perspectives},
  editor        = {Perdue, Clive},
  publisher     = {Cambridge University Press},
  pages         = {145--163},
  title         = {Richness and variety in the developing lexicon},
  volume        = {1: Field Methods},
  year          = 1993
}

@Book{BrownAbeywickrama2010,
  address       = {White Plains, NY},
  author        = {Brown, H. Douglas and Abeywickrama, Priyanvada},
  isbn          = {978-0-13-814931-4},
  publisher     = {Pearson Education},
  title         = {Language assessment: {P}rinciples and classroom practices},
  year          = 2010
}

@InProceedings{BrugmanRussell2004,
  address       = {Paris},
  author        = {Brugman, Hennie and Russell, Albert},
  booktitle     = {Proceedings of {LREC 2004, Fourth International Conference on Language Resources and Evaluation}},
  editor        = {Lino, Maria T. and Xavier, Maria F. and Ferreira, Fátima and Costa, Rute and Silva, Raquel},
  publisher     = {{ELRA}},
  pages         = {2065--2068},
  title         = {Annotating multimedia/multi-modal resources with {ELAN}},
  year          = 2004
}

@Book{Buck2001,
  address       = {Cambridge},
  author        = {Buck, Gary},
  isbn          = {978-0-521-66661-9},
  publisher     = {Cambridge University Press},
  series        = {Cambridge language assessment series},
  title         = {Assessing listening},
  year          = 2001,
  numpages      = 274
}

@Book{Bybee1985,
  author        = {Bybee, Joan L.},
  isbn          = {90-272-2878-7},
  publisher     = {John Benjamins Publishing},
  title         = {Morphology: {A} study of the relation between meaning and form},
  year          = 1985,
  numpages      = 247
}

@Article{Bybee1995,
  author        = {Bybee, Joan},
  journal       = {Language and Cognitive Processes},
  number        = 5,
  pages         = {425--455},
  title         = {Regular morphology and the lexicon},
  volume        = 10,
  year          = 1995
}

@Article{Bybee2006,
  author        = {Bybee, Joan},
  journal       = {Language},
  number        = 4,
  pages         = {711--733},
  title         = {From usage to grammar: {T}he mind’s response to repetition},
  volume        = 82,
  year          = 2006
}

@Article{BybeeThompson2000,
  author        = {Bybee, Joan and Thompson, Sandra},
  journal       = {Berkeley Linguistics Society},
  number        = 1,
  pages         = {378--388},
  title         = {Three frequency effects in syntax},
  volume        = 23,
  year          = 2000
}

@Book{CadiernoEskildsen2015,
  address       = {Berlin},
  editor        = {Cadierno, Teresa and Eskildsen, Soren Wind},
  isbn          = {978-3-11-037732-3},
  publisher     = {De Gruyter Mouton},
  series        = {Applications of {Cognitive Linguistics}},
  title         = {Usage-based perspectives on second language learning},
  year          = 2015,
  numpages      = 376
}

@InCollection{Carroll2012First,
  address       = {Amsterdam},
  author        = {Carroll, Susanne},
  booktitle     = {Hamburg Studies on Multilingualism},
  doi           = {10.1075/hsm.13.04car},
  editor        = {Braunmüller, Kurt and Gabriel, Christoph},
  isbn          = {978-90-272-1933-6},
  publisher     = {John Benjamins Publishing Company},
  pages         = {23--46},
  title         = {First exposure learners make use of top-down lexical knowledge when learning words},
  volume        = 13,
  year          = 2012
}

@Article{Carroll2012Input,
  author        = {Carroll, Susanne},
  journal       = {Internation Review of Applied Linguistics},
  pages         = {39--67},
  title         = {When is input salient? {A}n exploratory study of sentence location and word length effects on input processing},
  volume        = 50,
  year          = 2012
}

@InCollection{Carroll2012Segmentation,
  address       = {Amsterdam},
  author        = {Carroll, Susanne},
  booktitle     = {Multilingual Individuals and Multilingual Societies},
  editor        = {Braunmüller, K. and Gabriel, C. and Hänel-Faulhaber, B.},
  publisher     = {John Benjamins},
  pages         = {23--45},
  title         = {Segmentation on first exposure to an L2: {E}vidence for knowledge-driven, top-down processing},
  year          = 2012
}

@InCollection{Carroll2014,
  address       = {Cambridge},
  author        = {Carroll, Susanne Elizabeth},
  booktitle     = {First exposure to a second language: {L}earners' initial input processing},
  editor        = {Han, ZhaoHong and Rast, Rebekah},
  publisher     = {Cambridge University Press},
  pages         = {107--138},
  title         = {Processing ‘words’ in early-stage foreign language acquisition: {A} comparison of first exposure and low proficiency learners},
  year          = 2014
}

@Article{CarrollWidjaja2013,
  author        = {Carroll, Susanne E. and Widjaja, Elizabeth N.},
  journal       = {Second Language Research},
  number        = 2,
  pages         = {201--229},
  title         = {Learning exponents of number on first exposure to an {L2}},
  volume        = 29,
  year          = 2013
}

@Article{Casasola2005,
  author        = {Casasola, Marianella},
  journal       = {Child development},
  number        = 1,
  pages         = {279--290},
  title         = {When less is more: {H}ow infants learn to form an abstract categorical representation of support},
  volume        = 76,
  year          = 2005
}

@Article{CasenhiserGoldberg2005,
  author        = {Casenhiser, Devin and Goldberg, Adele E.},
  journal       = {Developmental Science},
  note          = {PMID: 16246241},
  number        = 6,
  pages         = {500--508},
  title         = {Fast mapping between a phrasal form and meaning},
  volume        = 8,
  year          = 2005
}

@Book{Chang2014,
  author        = {Chang, Winston},
  series        = {R package},
  title         = {{extrafont}: {T}ools for using fonts},
  url           = {http://CRAN.R-project.org/package=extrafont},
  year          = 2014
}

@Book{Chomsky1980,
  address       = {Oxford},
  author        = {Chomsky, Noam},
  publisher     = {Basil Blackwell},
  title         = {Rules and representations},
  year          = 1980
}

@InCollection{Chomsky1981,
  address       = {London},
  author        = {Chomsky, Noam},
  booktitle     = {Explanation in linguistics: {T}he logical problem of language acquisition},
  editor        = {Hornstein, Norbert and Lightfoot, David},
  isbn          = {978-0-582-29115-7},
  publisher     = {Longman},
  pages         = {123--146},
  title         = {Principles and parameters in syntactic theory},
  year          = 1981
}

@Article{Chun2006,
  author        = {Chun, Christian W.},
  doi           = {10.1207/s15434311laq0303_4},
  issn          = {1543-4303, 1543-4311},
  journal       = {Language Assessment Quarterly},
  month         = 7,
  number        = 3,
  pages         = {295--306},
  title         = {An analysis of a language test for employment: {T}he authenticity of the {PhonePass Test}},
  volume        = 3,
  year          = 2006
}

@Article{Corder1967,
  author        = {Corder, S. P.},
  journal       = {International Review of Applied Linguistics},
  month         = 11,
  number        = 4,
  pages         = {161--170},
  title         = {The significance of learner's errors},
  volume        = 5,
  year          = 1967
}

@Book{Crocco-Galeas1998,
  address       = {Padova},
  author        = {Crocco Galeas, Grazie},
  publisher     = {Unipress},
  title         = {The parameters of natural morphology},
  year          = 1998
}

@Book{Di-BiaseBettoni2015,
  editor        = {Di Biase, Bruno and Bettoni, Camilla},
  isbn          = {978-1-329-42765-5},
  note          = {OCLC: 953340942},
  publisher     = {{EuroSLA}},
  title         = {Grammatical development in second languages: {E}xploring the boundaries of {Processability Theory}},
  year          = 2015
}

@InCollection{Di-BiaseEtAl2015,
  author        = {Di Biase, Bruno and Bettoni, Camilla and Medojević, Lucija},
  booktitle     = {Grammatical development in second languages: {E}xploring the boundaries of {Processability Theory}},
  isbn          = {978-1-329-42765-5},
  note          = {OCLC: 953340942},
  publisher     = {{EuroSLA}},
  sortname      = {Di Biase, Bruno and Bettoni, Camilla and Medojevic, Lucija},
  title         = {The development of case in a bilingual context: {Serbian} in {Australia}},
  year          = 2015
}

@Book{DiehlEtAl2000,
  address       = {Tübingen},
  editor        = {Diehl, Erika and Leuenberger, Sandra and Pelvat, Isabelle and Studer, Thérèse},
  publisher     = {Niemeyer},
  series        = {Reihe Germanistische Linguistik},
  title         = {Grammatikunterricht, alles für der Katz? Untersuchungen zum Zweitsprachenerwerb Deutsch},
  year          = 2000
}

@InCollection{Dimroth2012,
  address       = {Berlin},
  author        = {Dimroth, Christine},
  booktitle     = {{Einblicke in die Zweitspracherwerbsforschung und ihre methodischen Verfahren}},
  editor        = {Ahrenholz, Bernt},
  publisher     = {De Gruyter},
  pages         = {77--98},
  title         = {{Videoclips zur Elizitation von Erzählungen: Methodische Überlegungen und einige Ergebnisse am Beispiel der "Finite Story"}},
  year          = 2012
}

@Article{Dimroth2018,
  author        = {Dimroth, Christine},
  doi           = {10.1111/lang.12294},
  journal       = {Language Learning},
  number        = {4},
  pages         = {863--905},
  title         = {Beyond statistical learning: {C}ommunication principles and language internal factors shape grammar in child and adult beginners learning {Polish} through controlled exposure},
  volume        = {68},
  year          = 2018
}

@Article{DimrothEtAl2013,
  author        = {Dimroth, Christine and Rast, Rebekah and Starren, Marianne and Watorek, Marzena},
  journal       = {{EUROSLA} Yearbook},
  pages         = {109--138},
  title         = {Methods for studying the learning of a new language under controlled input conditions: {T}he {VILLA} project},
  volume        = 13,
  year          = 2013
}

@Book{DoughtyWilliams1998,
  address       = {Cambridge},
  author        = {Doughty, Catherine J. S and Williams, Jessica},
  publisher     = {Cambridge University Press},
  title         = {Focus on form in classroom second language acquisition},
  year          = 1998
}

@Article{DowneyEtAl2008,
  author        = {Downey, Ryan and Farhady, Hossein and Present-Thomas, Rebecca and Suzuki, Masanori and Van Moere, Alistair},
  day           = 24,
  doi           = {10.1080/15434300801934744},
  issn          = {1543-4303, 1543-4311},
  journal       = {Language Assessment Quarterly},
  month         = 4,
  number        = 2,
  pages         = {160--167},
  title         = {Evaluation of the usefulness of the versant for {English} test: {A} response},
  volume        = 5,
  year          = 2008
}

@Article{Dressler1985,
  author        = {Dressler, Wolfgang U.},
  journal       = {Journal of Linguistics},
  number        = 02,
  pages         = {321–337},
  title         = {On the predictiveness of natural morphology},
  volume        = 21,
  year          = 1985
}

@Book{Dressler1987,
  address       = {Amsterdam},
  author        = {Dressler, Wolfgang U.},
  publisher     = {John Benjamins},
  title         = {Leitmotifs in natural morphology},
  year          = 1987,
  numpages      = 179
}

@Article{Dressler2011,
  author        = {Dressler, Wolfgang U.},
  issn          = {1732-0747},
  journal       = {Poznan Studies in Contemporary Linguistics},
  number        = 2,
  pages         = {159--176},
  title         = {The rise of complexity in inflectional morphology},
  volume        = 47,
  year          = 2011
}

@Article{DresslerKarpf1994,
  author        = {Dressler, Wolfgang and Karpf, Annemarie},
  journal       = {Yearbook of Morphology},
  pages         = {99--122},
  title         = {The theoretical relevance of pre- and proto- morphology in language acquisition},
  year          = 1994
}

@Article{Dziubalska-Kołaczyk1997,
  author        = {Dziubalska-Kołaczyk, Katarzyna},
  journal       = {Papers and Studies in Contrastive Linguistics},
  number        = 9,
  pages         = {159--171},
  sortname      = {Dziubalska-Kolaczyk, Katarzyna},
  title         = {Pre- and proto- in {Polish} phonology and morphology and their interrelations},
  volume        = 33,
  year          = 1997
}

@Article{Ellis2005,
  author        = {Ellis, Rod},
  journal       = {Studies in Second Language Acquisition},
  number        = 02,
  title         = {Measuring implicit and explicit knowledge of a second language: {A} psychometric study},
  volume        = 27,
  year          = 2005
}

@Article{Ellis2006Acquisition,
  author        = {Ellis, Nick},
  journal       = {Applied Linguistics},
  number        = 1,
  pages         = {1--24},
  title         = {Language acquisition as rational contingency learning},
  volume        = 27,
  year          = 2006
}

@Article{Ellis2006Attention,
  author        = {Ellis, Nick},
  journal       = {Applied Linguistics},
  number        = 2,
  pages         = {164--194},
  title         = {Selective attention and transfer phenomena in {L2} acquisition: {C}ontingency, cue competition, salience, interference, overshadowing, blocking, and perceptual learning},
  volume        = 27,
  year          = 2006
}

@Article{EllisEtAl2006,
  author        = {Ellis, Rod and Loewen, Shawn and Erlam, Rosemary},
  journal       = {Studies in Second Language Acquisition},
  number        = 2,
  pages         = {339--368},
  title         = {Implicit and explicit corrective feedback and the acquisition of {L2} grammar},
  volume        = 28,
  year          = 2006
}

@Article{EllisFerreira–Junior2009,
  author        = {Ellis, Nick and Ferreira–Junior, F.},
  journal       = {The Modern Language Journal},
  number        = 3,
  pages         = {370–385},
  title         = {Construction learning as a function of frequency, frequency distribution, and function},
  volume        = 93,
  year          = 2009
}

@Article{Erlam2006,
  author        = {Erlam, Rosemary},
  day           = 1,
  journal       = {Applied Linguistics},
  month         = 9,
  number        = 3,
  pages         = {464--491},
  title         = {Elicited imitation as a measure of {L2} implicit knowledge: {A}n empirical validation study},
  volume        = 27,
  year          = 2006
}

@Misc{Fellows2014,
  author        = {Fellows, Ian},
  title         = {wordcloud: {Word Clouds}. {R} package version 2.5.},
  url           = {http://CRAN.R-project.org/package=wordcloud},
  year          = 2014
}

@Article{FerrariNuzzo2009,
  author        = {Ferrari, Stefania and Nuzzo, Elena},
  doi           = {10.1400/128064},
  issn          = {0033-9725},
  journal       = {Rassegna italiana di linguistica applicata},
  note          = {[Online; accessed 2019-10-09]},
  number        = {1/2},
  title         = {Task per l'elicitazione di strutture opzionali in italiano L2},
  year          = 2009
}

@Book{FrajzyngierShay2003,
  address       = {Philadelphia, PA},
  author        = {Frajzyngier, Zygmunt and Shay, Erin},
  publisher     = {John Benjamins Pub.},
  title         = {Explaining language structure through systems interaction},
  year          = 2003
}

@Article{GallimoreTharp1981,
  author        = {Gallimore, Ronald and Tharp, Roland G.},
  journal       = {Language Learning},
  number        = 2,
  pages         = {369--392},
  title         = {The Interpretation of Elicited Sentence Imitation in a Standardized Context},
  volume        = 31,
  year          = 1981
}

@Misc{GarðarsdóttirÞorvaldsdóttirInPrep,
  author        = {Garðarsdóttir, María and Þorvaldsdóttir, Sigríður},
  sortname      = {Gardarsdottir, Maria and Thorvaldsdottir, Sigridur},
  title         = {A processability approach to the acquisition of case in {L2} {Icelandic}},
  year          = {in preparation}
}

@Article{GentnerEtAl2007,
  author        = {Gentner, Dedre and Loewenstein, Jeffrey and Hung, Barbara},
  journal       = {Journal of Cognition and Development},
  number        = 3,
  pages         = {285--307},
  title         = {Comparison facilitates children's learning of names for parts},
  volume        = 8,
  year          = 2007
}

@Article{GentnerMedina1998,
  author        = {Gentner, Dedre and Medina, José},
  journal       = {Cognition},
  number        = {2–3},
  pages         = {263--297},
  title         = {Similarity and the development of rules},
  volume        = 65,
  year          = 1998
}

@Book{Giacalone-Ramat2003,
  address       = {Roma},
  author        = {Giacalone Ramat, Anna},
  isbn          = {978-88-430-2496-4},
  publisher     = {Carocci},
  title         = {Verso l'italiano: {P}ercorsi e strategie di acquisizione},
  year          = 2003,
  numpages      = 330
}

@Article{GoldbergEtAl2004,
  author        = {Goldberg, Adele E. and Casenhiser, Devin and Sethuraman, Nitya},
  journal       = {Cognitive Linguistics},
  number        = 3,
  pages         = {289--316},
  title         = {Learning argument structure generalizations},
  volume        = 15,
  year          = 2004
}

@Article{GoldbergEtAl2007,
  author        = {Goldberg, Adele E. and Casenhiser, Devin and White, Tiffani R.},
  journal       = {New Ideas in Psychology},
  month         = 8,
  number        = 2,
  pages         = {70--86},
  series        = {Modern Approaches to Language},
  title         = {Constructions as categories of language},
  volume        = 25,
  year          = 2007
}

@Book{Granger2004,
  address       = {Clevedon},
  author        = {Granger, Colette},
  isbn          = {978-1-85359-699-5},
  publisher     = {Multilingual Matters},
  title         = {Silence in second language acquistion: {A} psychoanalytic reading},
  year          = 2004
}

@Article{GullbergEtAl2010,
  author        = {Gullberg, Marianne and Roberts, Leah and Dimroth, Christine and Veroude, Kim and Indefrey, Peter},
  journal       = {Language Learning},
  pages         = {5--24},
  title         = {Adult language learning after minimal exposure to an unknown natural language},
  volume        = {60, suppl. 2},
  year          = 2010
}

@Book{Gussman2007,
  address       = {Oxford},
  author        = {Gussman, Edmund},
  publisher     = {Oxford University Press},
  title         = {The phonology of {Polish}},
  year          = 2007
}

@InCollection{Hamann2002,
  address       = {Utrecht},
  author        = {Hamann, Silke},
  booktitle     = {{OTS} Yearbook 2002},
  editor        = {Baauw, Sergio and Huiskes, Mike and Schoorlemmer, Maaike},
  publisher     = {Utrecht Institute of Linguistics},
  pages         = {105--127},
  title         = {Postalveolar fricatives in {Slavic} languages as retroflexes},
  year          = 2002
}

@Book{Hamann2003,
  author        = {Hamann, Silke},
  isbn          = {978-90-76864-39-6},
  publisher     = {{LOT}},
  title         = {The phonetics and phonology of retroflexes},
  year          = 2003,
  numpages      = 252
}

@InCollection{Hamann2003*1,
  author        = {Żygis, Marzena and Hamann, Silke},
  booktitle     = {Proceedings of the {15th International Congress of Phonetic Sciences}},
  pages         = {395--398},
  title         = {Perceptual and acoustic cues of {Polish} coronal fricatives},
  year          = 2003
}

@Article{Hamann2004,
  author        = {Hamann, Silke},
  doi           = {10.1017/S0025100304001604},
  journal       = {Journal of the International Phonetic Association},
  number        = 01,
  pages         = {53--67},
  title         = {Retroflex fricatives in {Slavic} languages},
  volume        = 34,
  year          = 2004
}

@Article{HanPeverly2007,
  author        = {Han, ZhaoHong and Peverly, Stephen},
  journal       = {International Journal of Multilingualism},
  number        = 1,
  pages         = {17--37},
  title         = {Input processing: {A} study of ab initio learners with multilingual backgrounds},
  volume        = 4,
  year          = 2007
}

@Article{Haspelmath2006,
  author        = {Haspelmath, Martin},
  journal       = {Journal of Linguistics},
  number        = 01,
  pages         = {25--70},
  title         = {Against markedness (and what to replace it with)},
  volume        = 42,
  year          = 2006
}

@Book{HatchLazaraton1991,
  address       = {Boston, MA},
  author        = {Hatch, Evelyn Marcussen and Lazaraton, Anne},
  edition       = {Nachdr.},
  isbn          = {978-0-8384-2672-2},
  note          = {OCLC: 246012880},
  publisher     = {Heinle & Heinle},
  title         = {The research manual: {D}esign and statistics for applied linguistics},
  year          = 1991,
  numpages      = 628
}

@Article{HenryEtAl2009,
  author        = {Henry, Nicholas and Culman, Hillah and VanPatten, Bill},
  journal       = {Studies in Second Language Acquisition},
  number        = 4,
  pages         = {559--575},
  title         = {More on the effects of explicit information in instructed {SLA}: {A} partial replication and a response to {Fernández} (2008)},
  volume        = 31,
  year          = 2009
}

@Article{HinzEtAl2013,
  author        = {Hinz, Johanna and Krause, Carina and Rast, Rebekah and Shoemaker, Ellenor M. and Watorek, Marzena},
  issn          = {1568-1491, 1569-9749},
  journal       = {{EUROSLA} Yearbook},
  pages         = {139--175},
  title         = {Initial processing of morphological marking in nonnative language acquisition: {E}vidence from {French} and {German} learners of {Polish}},
  volume        = 13,
  year          = 2013
}

@Article{HousenSimoens2016,
  author        = {Housen, Alex and Simoens, Hannelore},
  doi           = {10.1017/S0272263116000176},
  issn          = {0272-2631, 1470-1545},
  journal       = {Studies in Second Language Acquisition},
  month         = 6,
  number        = 2,
  pages         = {163--175},
  title         = {Introduction: {C}ognitive perspectives on difficulty and complexity in {L2} acquisition},
  volume        = 38,
  year          = 2016
}

@InCollection{Hulstijn1989,
  address       = {Tübingen},
  author        = {Hulstijn, Jan},
  booktitle     = {Interlingual Processes},
  editor        = {Dechert, Hans-Wilhelm and Raupach, Manfred},
  publisher     = {Narr},
  pages         = {49--73},
  title         = {Implicit and incidental second language learning: {E}xperiments in the processing of natural and partly artificial input},
  year          = 1989
}

@Article{Hulstijn2015,
  author        = {Hulstijn, Jan H.},
  journal       = {Language Learning},
  month         = 3,
  number        = 1,
  pages         = {210--232},
  title         = {Discussion: {H}ow different can perspectives on {L2} development be?: {P}erspectives on {L2} development},
  volume        = 65,
  year          = 2015
}

@Article{HulstijnDeKeyser1997,
  editor        = {Hulstijn, Jan and DeKeyser, Robert},
  journal       = {Studies in Second Language Acquisition},
  number        = {s2},
  title         = {Testing {SLA Theory} in the research laboratory},
  volume        = 19,
  year          = 1997
}

@Article{Håkansson1989,
  author        = {Håkansson, Gisela},
  issn          = {1467-9582},
  journal       = {Studia Linguistica},
  number        = 1,
  pages         = {47–58},
  sortname      = {Hakansson, Gisela},
  title         = {The acquisition of negative placement in {Swedish}},
  volume        = 43,
  year          = 1989
}

@InCollection{JacennikDryer1992,
  address       = {Amsterdam},
  author        = {Jacennik, Barbara and Dryer, Matthew},
  booktitle     = {Pragmatics of word order flexibility},
  editor        = {Payne, Doris},
  publisher     = {John Benjamins},
  pages         = {209--241},
  title         = {Verb-subject order in {Polish}},
  year          = 1992
}

@Article{Jackson2007,
  author        = {Jackson, Carrie N.},
  issn          = {0026-7902},
  journal       = {The Modern Language Journal},
  number        = 3,
  pages         = {418--432},
  title         = {The use and non-use of semantic information, word order, and case markings during comprehension by {L2} learners of {German}},
  volume        = 91,
  year          = 2007
}

@Article{JanssenEtAl2006,
  author        = {Janssen, Dirk P and Bickel, Balthasar and Zúñiga, Fernando},
  day           = 1,
  doi           = {10.1515/LINGTY.2006.013},
  issn          = {1430-0532, 1613-415X},
  journal       = {Linguistic Typology},
  month         = 1,
  note          = {[Online; accessed 2019-08-01]},
  number        = 3,
  title         = {Randomization tests in language typology},
  url           = {https://www.degruyter.com/view/j/lity.2006.10.issue-3/lingty.2006.013/lingty.2006.013.xml},
  volume        = 10,
  year          = 2006
}

@Article{Jassem2003,
  author        = {Jassem, Wiktor},
  journal       = {Journal of the International Phonetic Association},
  number        = 1,
  pages         = {103--107},
  title         = {Polish},
  volume        = 33,
  year          = 2003
}

@Article{JessopEtAl2007,
  author        = {Jessop, Lorena and Suzuki, Wataru and Tomita, Yasuyo},
  journal       = {Canadian Modern Language Review},
  number        = 1,
  pages         = {215--238},
  title         = {Elicited imitation in second language acquisition research},
  volume        = 64,
  year          = 2007
}

@Book{Jezek2003,
  address       = {Pisa},
  author        = {Jezek, Elisabetta},
  publisher     = {{ETS}},
  title         = {Classi di verbi tra semantica e sintassi},
  year          = 2003,
  numpages      = 213
}

@Book{Jezek2011,
  address       = {Bologna},
  author        = {Jezek, Elisabetta},
  isbn          = {978-88-15-23299-1},
  note          = {OCLC: 799020220},
  publisher     = {Il Mulino},
  title         = {Lessico: {C}lassi di parole, strutture, combinazioni},
  year          = 2011
}

@Book{Jezek2016,
  address       = {Oxford},
  author        = {Jezek, Elisabetta},
  publisher     = {Oxford University Press},
  title         = {The lexicon: {A}n introduction},
  year          = 2016
}

@Article{KempeMacWhinney1998,
  author        = {Kempe, Vera and MacWhinney, Brian},
  journal       = {Studies in Second Language Acquisition},
  number        = 3,
  pages         = {543--587},
  title         = {The acquisition of case marking by adult learners of {Russian} and {German}},
  volume        = 20,
  year          = 1998
}

@Article{KempeMacWhinney1999,
  author        = {Kempe, Vera and MacWhinney, Brian},
  journal       = {Language and Cognitive Processes},
  number        = 2,
  pages         = {129--171},
  title         = {Processing of morphological and semantic cues in {Russian} and {German}},
  volume        = 14,
  year          = 1999
}

@Article{KiddEtAl2006,
  author        = {Kidd, Evan and Lieven, Elena and Tomasello, Michael},
  journal       = {Cognitive Development},
  number        = 2,
  pages         = {93--107},
  title         = {Examining the role of lexical frequency in the acquisition and processing of sentential complements},
  volume        = 21,
  year          = 2006
}

@InCollection{Klein2002,
  address       = {Berlin},
  author        = {Klein, Wolfgang},
  booktitle     = {More than words: {F}estschrift for {Dieter Wunderlich}},
  editor        = {Kaufman, Ingrid and Stiebels, Barbara},
  publisher     = {Akademie Verlag},
  pages         = {251--273},
  title         = {Why case marking?},
  year          = 2002
}

@Book{KleinPerdue1992,
  address       = {Amsterdam},
  author        = {Klein, Wolfgang and Perdue, Clive},
  note          = {OCLC: 25746412},
  publisher     = {John Benjamins},
  title         = {Utterance structure: {D}eveloping grammars again},
  year          = 1992
}

@Article{KleinPerdue1997,
  author        = {Klein, Wolfgang and Perdue, Clive},
  journal       = {Second Language Research},
  number        = 4,
  pages         = {301--347},
  title         = {The basic variety (or: {C}ouldn't natural languages be much simpler?)},
  volume        = 13,
  year          = 1997
}

@Book{Krashen1981,
  author        = {Krashen, Stephen D.},
  isbn          = {978-0-08-025338-1},
  publisher     = {Pergamon Press},
  title         = {Second language acquisition and second language learning},
  year          = 1981,
  numpages      = 172
}

@Book{Krashen1985,
  author        = {Krashen, Stephen D.},
  isbn          = {978-0-582-55381-1},
  publisher     = {Longman},
  title         = {The input hypothesis: {I}ssues and implications},
  year          = 1985,
  numpages      = 134
}

@Article{KruschkeBlair2000,
  author        = {Kruschke, John K. and Blair, Nathaniel J.},
  journal       = {Psychonomic Bulletin & Review},
  number        = 4,
  pages         = {636--645},
  title         = {Blocking and backward blocking involve learned inattention},
  volume        = 7,
  year          = 2000
}

@Book{LandauEtAl1999,
  author        = {Landau, Ernestina and Lončarić, Mijo and Horga, Damir and Škarić, Ivo},
  isbn          = {978-0-521-63751-0},
  publisher     = {Cambridge University Press},
  title         = {Handbook of the {International Phonetic Association}: {A} guide to the use of the {International Phonetic Alphabet}},
  year          = 1999,
  numpages      = 226
}

@Article{LantolfZhang2015,
  author        = {Lantolf, James and Zhang, Xian},
  journal       = {Language Learning},
  number        = 3,
  pages         = {752--760},
  title         = {Response to {Pienemann}'s critique of {Zhang and Lantolf} (2015): {R}esponse to {Pienemann}},
  volume        = 65,
  year          = 2015
}

@Book{Larsen-FreemanLong1991,
  author        = {Larsen-Freeman, Diane and Long, Michael H.},
  isbn          = {978-0-582-55377-4},
  publisher     = {Longman},
  title         = {An introduction to second language acquisition research},
  year          = 1991,
  numpages      = 422
}

@Book{Lenzing2013,
  author        = {Lenzing, Anke},
  day           = 14,
  isbn          = {978-90-272-7169-3},
  month         = 8,
  publisher     = {John Benjamins Publishing},
  title         = {The development of the grammatical system in early second language acquisition: {T}he {Multiple Constraints Hypothesis}},
  year          = 2013,
  numpages      = 302
}

@Book{Levelt1989,
  address       = {Cambridge, MA},
  author        = {Levelt, Willem J. M.},
  publisher     = {MIT Press},
  title         = {Speaking: {F}rom intention to articulation},
  year          = 1989
}

@Article{Lewkowicz2000,
  author        = {Lewkowicz, Jo A.},
  doi           = {10.1177/026553220001700102},
  issn          = {0265-5322, 1477-0946},
  journal       = {Language Testing},
  month         = 1,
  number        = 1,
  pages         = {43--64},
  title         = {Authenticity in language testing: {S}ome outstanding questions},
  volume        = 17,
  year          = 2000
}

@Book{Luoma2004,
  address       = {Cambridge},
  author        = {Luoma, Sari},
  isbn          = {978-0-521-80487-5},
  note          = {OCLC: ocm55794831},
  publisher     = {Cambridge University Press},
  series        = {Cambridge language assessment series},
  title         = {Assessing speaking},
  year          = 2004,
  numpages      = 212
}

@Book{MacWhinney2000,
  address       = {Mahwah, NJ},
  author        = {MacWhinney, Brian},
  edition       = {III},
  isbn          = {978-0-8058-2995-2},
  publisher     = {Lawrence Erlbaum},
  title         = {The {CHILDES} Project: {T}ools for analyzing talk},
  year          = 2000,
  numpages      = 386
}

@InCollection{MacWhinneyBates1987,
  address       = {Hillsdale, NJ},
  author        = {MacWhinney, Brian and Bates, Elizabeth},
  booktitle     = {Mechanisms of language acquisition},
  editor        = {MacWhinney, Brian},
  publisher     = {Lawrence Erlbaum},
  pages         = {157--193},
  title         = {Competition, variation, and language learning},
  year          = 1987
}

@Article{MacWhinneyEtAl1984,
  author        = {MacWhinney, Brian and Bates, Elizabeth and Kliegl, Reinhold},
  journal       = {Journal of Verbal Learning and Verbal Behavior},
  month         = 4,
  number        = 2,
  pages         = {127--150},
  title         = {Cue validity and sentence interpretation in {English}, {German}, and {Italian}},
  volume        = 23,
  year          = 1984
}

@Article{MaguireEtAl2008,
  author        = {Maguire, Mandy J. and Hirsh-Pasek, Kathy and Golinkoff, Roberta Michnick and Brandone, Amanda C.},
  journal       = {Developmental Science},
  note          = {PMID: 18576970},
  number        = 4,
  pages         = {628--634},
  title         = {Focusing on the relation: {F}ewer exemplars facilitate children's initial verb learning and extension},
  volume        = 11,
  year          = 2008
}

@InCollection{MarinisArmon-Lotem2015,
  address       = {Bristol},
  author        = {Marinis, Theodoros and Armon-Lotem, Sharon},
  booktitle     = {Assessing multilingual children disentangling bilingualism from language impairment},
  editor        = {Armon-Lotem, Sharon and Jong, de Jan and Meir, Natalia},
  isbn          = {978-1-78309-312-0},
  publisher     = {Multilingual Matters},
  pages         = {95--122},
  title         = {Sentence repetition},
  year          = 2015
}

@Article{McdonoughKim2009,
  author        = {Mcdonough, Kim and Kim, Youjin},
  journal       = {The Modern Language Journal},
  number        = 3,
  pages         = {386--398},
  title         = {Syntactic priming, type frequency, and {EFL} learners' production of why-questions},
  volume        = 93,
  year          = 2009
}

@Book{Meara2005,
  address       = {Swansea},
  author        = {Meara, Paul},
  publisher     = {University of Wales},
  title         = {{LLAMA Language Aptitude Tests}: {T}he manual},
  url           = {http://www.lognostics.co.uk/tools/llama/llama_manual.pdf},
  year          = 2005
}

@Article{Miller1956,
  author        = {Miller, George},
  journal       = {Psychological Review},
  number        = 2,
  pages         = {343--352},
  title         = {The magical number seven, plus or minus two: {S}ome limits on our capacity for processing information},
  volume        = 101,
  year          = 1956
}

@Article{MintzEtAl2002,
  author        = {Mintz, Toben H. and Newport, Elissa L. and Bever, Thomas G.},
  journal       = {Cognitive Science},
  number        = 4,
  pages         = {393--424},
  title         = {The distributional structure of grammatical categories in speech to young children},
  volume        = 26,
  year          = 2002
}

@Article{Nyqvist2018,
  author        = {Nyqvist, Eeva-Liisa},
  day           = 31,
  doi           = {10.22599/jesla.33},
  issn          = {2399-9101},
  journal       = {Journal of the European Second Language Association},
  month         = 8,
  number        = 1,
  pages         = 14,
  title         = {Mastering complex {Swedish NP}s: {A} comparison of non-immersion pupils and immersion {L1 Finnish} pupils},
  volume        = 2,
  year          = 2018
}

@Misc{OksanenEtAl2019,
  author        = {Oksanen, Jari and Blanchet, F. Guillaume and Friendly, Michael and Kindt, Roeland and Legendre, Pierre and McGlinn, Dan and Minchin, Peter R. and O'Hara, R. B. and Simpson, Gavin L.
                  and Solymos, Peter and Stevens, M. Henry H. and Szoecs, Eduard and Wagner, Helene},
  title         = {{v}egan: {C}ommunity ecology package},
  url           = {https://cran.r-project.org/package=vegan},
  year          = 2019
}

@InCollection{OkuraLonsdale2012,
  address       = {Austin, TX},
  author        = {Okura, Eve and Lonsdale, Deryle},
  booktitle     = {Proceedings of the {34th Annual Conference of the Cognitive Science Society}},
  editor        = {Miyake, Naomi and Peebles, David and Cooper, Richard P.},
  publisher     = {Cognitive Science Society},
  pages         = {2132--2137},
  title         = {Working memory’s meager involvement in sentence repetition tests},
  year          = 2012
}

@Article{OnnisEtAl2008,
  author        = {Onnis, Luca and Waterfall, Heidi R. and Edelman, Shimon},
  journal       = {Cognition},
  note          = {PMID: 19019350 PMCID: PMC3164301},
  number        = 3,
  pages         = {423--430},
  title         = {Learn locally, act globally: {L}earning language from variation set cues},
  volume        = 109,
  year          = 2008
}

@Article{PadgettŻygis2007,
  author        = {Padgett, Jaye and Żygis, Marzena},
  journal       = {Journal of Slavic Linguistics},
  number        = 2,
  pages         = {291--324},
  sortname      = {Padgett, Jaye and Zygis, Marzena},
  title         = {The evolution of sibilants in {Polish} and {Russian}},
  volume        = 15,
  year          = 2007
}

@Article{Pallotti2007,
  author        = {Pallotti, Gabriele},
  journal       = {Applied Linguistics},
  number        = 3,
  pages         = {361--382},
  title         = {An operational definition of the emergence criterion},
  volume        = 28,
  year          = 2007
}

@Book{Perdue1993,
  address       = {Cambridge},
  editor        = {Perdue, Clive},
  publisher     = {Cambridge University Press},
  title         = {Adult Language Acquisition},
  year          = 1993
}

@Article{Perdue1996,
  author        = {Perdue, Clive},
  journal       = {Toegepaste Taalwetenschap in Artikelen},
  pages         = {135--149},
  title         = {Pre-basic varieties: {T}he first stages of second language acquisition},
  volume        = 55,
  year          = 1996
}

@InCollection{Peters1985,
  address       = {Hillsdale, NJ},
  author        = {Peters, Ann M.},
  booktitle     = {The crosslinguistic study of language acquisition},
  editor        = {Slobin, Dan I.},
  publisher     = {Lawrence Erlbaum},
  pages         = {1029--1067},
  title         = {Language segmentation: {O}perating principles for the analysis and perception of language},
  volume        = 2,
  year          = 1985
}

@Article{Pienemann1984,
  author        = {Pienemann, Manfred},
  journal       = {Studies in Second Language Acquisition},
  number        = 02,
  pages         = 186,
  title         = {Psychological constraints on the teachability of languages},
  volume        = 6,
  year          = 1984
}

@Book{Pienemann1998,
  address       = {Amsterdam},
  author        = {Pienemann, Manfred},
  publisher     = {John Benjamins Publishing},
  title         = {Language processing and second language development: {Processability Theory}},
  year          = 1998,
  numpages      = 387
}

@Article{Pienemann2015,
  author        = {Pienemann, Manfred},
  journal       = {Language Learning},
  number        = 1,
  pages         = {123--151},
  title         = {An outline of {Processability Theory} and its relationship to other approaches to {SLA}},
  volume        = 65,
  year          = 2015
}

@Article{PlonskyKim2016,
  author        = {Plonsky, Luke and Kim, YouJin},
  doi           = {10.1017/S0267190516000015},
  issn          = {0267-1905, 1471-6356},
  journal       = {Annual Review of Applied Linguistics},
  month         = 3,
  pages         = {73--97},
  title         = {Task-based learner production: {A} substantive and methodological review},
  volume        = 36,
  year          = 2016
}

@Book{Radloff1991,
  address       = {Arlington, TX},
  author        = {Radloff, Carla F.},
  isbn          = {978-0-88312-667-7},
  publisher     = {Summer Institute of Linguistics: University of Texas at Arlington; Obtained from International Academic Bookstore},
  series        = {Summer Institute of Linguistics and the University of Texas at Arlington publications in linguistics},
  title         = {Sentence repetition testing for studies of community bilingualism},
  year          = 1991,
  numpages      = 194
}

@Article{Rankin2014,
  author        = {Rankin, Tom},
  journal       = {{EUROSLA} Yearbook},
  pages         = {201--224},
  title         = {Word order and case in the comprehension of {L2 German} by {L1 English} speakers},
  volume        = 14,
  year          = 2014
}

@Book{Rast2008,
  address       = {Clevedon},
  author        = {Rast, Rebekah},
  isbn          = {978-1-84769-041-8},
  publisher     = {Multilingual Matters},
  title         = {Foreign language input: {I}nitial processing},
  year          = 2008,
  numpages      = 278
}

@InCollection{Rast2015,
  address       = {Milano},
  author        = {Rast, Rebekah},
  booktitle     = {Grammatica applicata: {A}pprendimento, patologie, insegnamento},
  editor        = {Favilla, Elena and Nuzzo, Elena},
  publisher     = {{AItLA}},
  pages         = {111--124},
  title         = {Primi passi in un nuovo sistema linguistico},
  year          = 2015
}

@Book{RCoreTeam2017,
  address       = {Vienna},
  author        = {{R Core Team}},
  publisher     = {R Foundation for Statistical Computing},
  title         = {R: {A} language and environment for statistical computing},
  url           = {http://www.R-project.org/},
  year          = 2017
}

@Article{Robinson2001,
  author        = {Robinson, P},
  day           = 1,
  doi           = {10.1093/applin/22.1.27},
  issn          = {0142-6001, 1477-450X},
  journal       = {Applied Linguistics},
  month         = 3,
  number        = 1,
  pages         = {27--57},
  title         = {Task complexity, task difficulty, and task production: exploring interactions in a componential framework},
  volume        = 22,
  year          = 2001
}

@Article{Robinson2005,
  author        = {Robinson, Peter},
  day           = 1,
  doi           = {10.1515/iral.2005.43.1.1},
  issn          = {0019-042X, 1613-4141},
  journal       = {IRAL - International Review of Applied Linguistics in Language Teaching},
  month         = 1,
  number        = 1,
  pages         = {1--32},
  title         = {Cognitive complexity and task sequencing: {S}tudies in a componential framework for second language task design},
  volume        = 43,
  year          = 2005
}

@Article{Robinson2010,
  author        = {Robinson, Peter},
  journal       = {Language Learning},
  pages         = {245--263},
  title         = {Implicit artificial grammar and incidental natural second language learning: {H}ow comparable are they?},
  volume        = 60,
  year          = 2010
}

@InCollection{Robinson2015,
  address       = {Amsterdam},
  author        = {Robinson, Peter},
  booktitle     = {Task-based language teaching},
  day           = 26,
  doi           = {10.1075/tblt.8.04rob},
  editor        = {Bygate, Martin},
  isbn          = {978-90-272-0731-9},
  month         = 10,
  publisher     = {John Benjamins Publishing Company},
  pages         = {87--122},
  title         = {The {Cognition Hypothesis}, second language task demands, and the {SSARC} model of pedagogic task sequencing},
  volume        = 8,
  year          = 2015
}

@Article{RévészEtAl2016,
  author        = {Révész, Andrea and Michel, Marije and Gilabert, Roger},
  doi           = {10.1017/S0272263115000339},
  issn          = {0272-2631, 1470-1545},
  journal       = {Studies in Second Language Acquisition},
  month         = 12,
  number        = 4,
  pages         = {703--737},
  title         = {Measuring cognitive task demands using dual-task methodology, subjective self-ratings, and expert judgments: {A} validation study},
  volume        = 38,
  year          = 2016
}

@Article{Sasayama2016,
  author        = {Sasayama, Shoko},
  doi           = {10.1111/modl.12313},
  issn          = 00267902,
  journal       = {The Modern Language Journal},
  month         = 3,
  number        = 1,
  pages         = {231--254},
  title         = {Is a ‘complex’ task really complex? {V}alidating the assumption of cognitive task complexity},
  volume        = 100,
  year          = 2016
}

@InCollection{Saturno2014,
  address       = {Frankfurt},
  author        = {Saturno, Jacopo},
  booktitle     = {New insights into Slavic linguistics},
  editor        = {Witkoś, Jacek and Jaworski, Sylwester},
  publisher     = {Peter Lang},
  pages         = {343--356},
  title         = {Case ending processing in initial {Polish L2}: {T}he role of frequency, word order and lexical transparency},
  year          = 2014
}

@InCollection{Saturno2015Italian,
  address       = {Milano},
  author        = {Saturno, Jacopo},
  booktitle     = {Il parlato in [italiano] {L2}: {A}spetti pragmatici e prosodici [[Italian] L2 spoken discourse: pragmatic and prosodic aspects]},
  editor        = {Chini, Marina},
  publisher     = {Franco Angeli},
  pages         = {117--138},
  title         = {La trascrizione di Varietà di Apprendimento iniziali},
  year          = 2015
}

@Article{Saturno2015Copular,
  author        = {Saturno, Jacopo},
  journal       = {Linguistica e Filologia},
  pages         = {69--98},
  title         = {Copular structures in {Polish L2}},
  volume        = 35,
  year          = 2015
}

@InCollection{Saturno2018,
  address       = {Firenze},
  author        = {Saturno, Jacopo},
  booktitle     = {Il trattamento dell’errore nella classe di italiano {L2}: {T}eorie e pratiche a confronto},
  editor        = {Grassi, Roberta},
  publisher     = {Franco Cesati},
  pages         = {97--110},
  title         = {Correzioni tra pari in varietà iniziali di {L2}: {U}no strumento appropriato?},
  year          = 2018
}

@Article{Schimke2011,
  author        = {Schimke, Sarah},
  journal       = {Applied Psycholinguistics},
  number        = 04,
  pages         = {635--685},
  title         = {Variable verb placement in second-language {German} and {French}: {E}vidence from production and elicited imitation of finite and nonfinite negated sentences},
  volume        = 32,
  year          = 2011
}

@Article{Service1992,
  author        = {Service, Elisabet},
  journal       = {The Quarterly Journal of Experimental Psychology Section A},
  number        = 1,
  pages         = {21--50},
  title         = {Phonology, working memory, and foreign-language learning},
  volume        = 45,
  year          = 1992
}

@Article{ServiceKohonen1995,
  author        = {Service, Elisabet and Kohonen, Viljo},
  journal       = {Applied Psycholinguistics},
  number        = 02,
  pages         = 155,
  title         = {Is the relation between phonological memory and foreign language learning accounted for by vocabulary acquisition?},
  volume        = 16,
  year          = 1995
}

@Article{Sharwood-Smith1993,
  author        = {Sharwood-Smith, Michael},
  issn          = {1470-1545},
  journal       = {Studies in Second Language Acquisition},
  number        = 2,
  pages         = {165--179},
  title         = {Input enhancement in instructed {SLA}: {T}heoretical bases},
  volume        = 15,
  year          = 1993
}

@Article{Siewierska1993,
  author        = {Siewierska, Anna},
  journal       = {Journal of Linguistics},
  number        = 02,
  pages         = {233--265},
  title         = {Syntactic weight vs information structure and word order variation in {Polish}},
  volume        = 29,
  year          = 1993
}

@InCollection{SisinniEtAl2013,
  address       = {Roma},
  author        = {Sisinni, Bianca and Grimaldi, Mirko and Gili Fivela, Barbara and Sigona, Francesco and Calabrese, Andrea},
  booktitle     = {Multimodalità e multilingualità: {L}a sfida più avanzata della comunicazione orale},
  editor        = {Galatà, Vincenzo},
  publisher     = {Bulzoni},
  pages         = {355--372},
  title         = {Percezione e produzione di vocali non native da parte di parlanti adulti},
  year          = 2013
}

@Article{Skehan2009,
  author        = {Skehan, Peter},
  day           = 1,
  doi           = {10.1093/applin/amp047},
  issn          = {0142-6001, 1477-450X},
  journal       = {Applied Linguistics},
  month         = 12,
  number        = 4,
  pages         = {510--532},
  title         = {Modelling second language performance: {I}ntegrating complexity, accuracy, fluency, and lexis},
  volume        = 30,
  year          = 2009
}

@InCollection{SkehanFoster2001,
  address       = {Cambridge},
  author        = {Skehan, Peter and Foster, Pauline},
  booktitle     = {Cognition and Second Language Instruction},
  doi           = {10.1017/CBO9781139524780.009},
  editor        = {Robinson, Peter},
  isbn          = {978-1-139-52478-0},
  publisher     = {Cambridge University Press},
  pages         = {183--205},
  title         = {Cognition and tasks},
  year          = 2001
}

@InCollection{SkehanFoster2007,
  address       = {Amsterdam},
  author        = {Skehan, Peter and Foster, Pauline},
  booktitle     = {Language learning /& language teaching},
  editor        = {Housen, Alex and Kuiken, Folkert and Vedder, Ineke and Van Daele},
  note          = {[Online; accessed 2016-11-11]},
  publisher     = {John Benjamins Publishing Company},
  pages         = {199--220},
  title         = {Complexity, accuracy, fluency and lexis in task-based performance: {A} synthesis of the {Ealing} research},
  url           = {https://benjamins.com/catalog/lllt.32.09fos},
  volume        = 32,
  year          = 2007
}

@InCollection{Slobin1985,
  address       = {Hillsdale, NJ},
  author        = {Slobin, Dan I.},
  booktitle     = {The crosslinguistic study of language acquisition},
  editor        = {Slobin, Dan I.},
  isbn          = {0-8058-0105-7},
  publisher     = {Lawrence Erlbaum Associates},
  pages         = {1157--1256},
  title         = {Crosslinguistic evidence for the language-making capacity},
  volume        = {II},
  year          = 1985
}

@Article{Smoczyńska1972,
  author        = {Smoczyńska, Magdalena},
  journal       = {Psychologia Wychowawcza},
  sortname      = {Smoczynska, Magdalena},
  title         = {Przyswajanie form deklinacji rzeczownikowej przez dzieci},
  volume        = 5,
  year          = 1972
}

@InCollection{Smoczyńska1985,
  address       = {Hillsdale, NJ},
  author        = {Smoczyńska, Magdalena},
  booktitle     = {The crosslinguistic study of language acquisition.},
  editor        = {Slobin, Dan},
  publisher     = {Lawrence Erlbaum},
  pages         = {595--686},
  sortname      = {Smoczynska, Magdalena},
  title         = {The acquisition of {Polish}},
  volume        = 1,
  year          = 1985
}

@InCollection{Smoczyńska1997,
  address       = {Warszawa},
  author        = {Smoczyńska, Magdalena},
  booktitle     = {Rozwój poznawczy i językowy dzieci z trudnościami w komunikacji werbalnej},
  editor        = {Mierzejewska, Halina and Przybysz-Piwko, Maria},
  isbn          = {83-85490-96-5},
  note          = {OCLC: 750918273},
  publisher     = {{DiG}},
  sortname      = {Smoczynska, Magdalena},
  title         = {Przyswajanie systemu gramatycznego przez dziecko},
  year          = 1997
}

@Article{SpecialeEtAl2004,
  author        = {Speciale, Giovanna and Ellis, Nick and Bywater, Tracey},
  journal       = {Applied Psycholinguistics},
  number        = 02,
  title         = {Phonological sequence learning and short-term store capacity determine second language vocabulary acquisition},
  volume        = 25,
  year          = 2004
}

@Book{Starren2001,
  address       = {Utrecht},
  author        = {Starren, Marianne},
  publisher     = {{LOT}},
  title         = {The second time: {T}he acquisition of temporality in dutch and french as a second language},
  year          = 2001
}

@Article{Thompson2002,
  author        = {Thompson, Sandra A.},
  journal       = {Studies in Language},
  number        = 1,
  pages         = {125--163},
  title         = {“Object complements” and conversation: {T}owards a realistic account},
  volume        = 26,
  year          = 2002
}

@Article{TokowiczMacWhinney2005,
  author        = {Tokowicz, Natasha and MacWhinney, Brian},
  journal       = {Studies in Second Language Acquisition},
  number        = 02,
  pages         = {173–204},
  title         = {Implicit and explicit measures of sensitivity to violations in second language grammar: {A}n event-related potential investigation},
  volume        = 27,
  year          = 2005
}

@Book{Tomasello2005,
  address       = {Cambridge, MA},
  author        = {Tomasello, Michael},
  note          = {OCLC: 254708552},
  publisher     = {Harvard Univeristy Press},
  title         = {Constructing a language: {A} usage-based theory of language acquisition},
  year          = 2005,
  numpages      = 388
}

@Article{TylerOrtega2016,
  author        = {Tyler, Andrea and Ortega, Lourdes},
  doi           = {10.1017/langcog.2016.15},
  issn          = {1866-9808, 1866-9859},
  journal       = {Language and Cognition},
  month         = 9,
  number        = 3,
  pages         = {335--345},
  title         = {Usage-based approaches to language and language learning: {A}n introduction to the special issue},
  volume        = 8,
  year          = 2016
}

@Article{VanMoere2012,
  author        = {Van Moere, Alistair},
  journal       = {Language Testing},
  number        = 3,
  pages         = {325--344},
  title         = {A psycholinguistic approach to oral language assessment},
  volume        = 29,
  year          = 2012
}

@Article{VanPatten1984,
  author        = {Van Patten, Bill},
  journal       = {Hispanic Linguistics},
  pages         = {57--67},
  title         = {Learners’ comprehension of clitic object pronouns: {M}ore evidence for a word order strategy},
  volume        = 1,
  year          = 1984
}

@Book{VanPatten1996,
  address       = {Norwood},
  author        = {VanPatten, Bill},
  publisher     = {Ablex},
  title         = {Input processing and grammar instruction in second language acquisition},
  year          = 1996,
  numpages      = 200
}

@InCollection{VanPatten2000,
  address       = {Somerville, MA},
  author        = {VanPatten, Bill},
  booktitle     = {Social and cognitive factors in second language acquisition: {S}elected proceedings of the {1999 Second Language Research Forum}},
  editor        = {Schwierzbin, Bonnie and Morris, Frank and Anderson, Michael and Klee, Carol and Tarone, Elaine},
  publisher     = {Cascadilla Press},
  pages         = {287--311},
  title         = {Thirty years of input (or intake, the neglected sibling)},
  year          = 2000
}

@Article{VanPattenEtAl2013,
  author        = {VanPatten, Bill and Collopy, Erin and Price, Joseph E. and Borst, Stefanie and Qualin, Anthony},
  journal       = {The Modern Language Journal},
  number        = 2,
  pages         = {506--527},
  title         = {Explicit information, grammatical sensitivity, and the first-noun principle: {A} cross-linguistic study in processing instruction},
  volume        = 97,
  year          = 2013
}

@Article{Vinther2002,
  author        = {Vinther, Thora},
  journal       = {International Journal of Applied Linguistics},
  number        = 1,
  pages         = {54–73},
  title         = {Elicited imitation: {A} brief overview},
  volume        = 12,
  year          = 2002
}

@Article{WatorekEtAl2016,
  author        = {Watorek, Marzena and Durand, Marie and Starosciak, Katarzyna},
  journal       = {Discours},
  number        = 18,
  title         = {L’impact de l’input et du type de tâche sur la production de la morphologie nominale en polonais par des apprenants francophones débutants},
  year          = 2016
}

@Book{WatorekEtAlND,
  editor        = {Watorek, Marzena and Starren, Marianne and Rast, Rebekah and Dimroth, Christine and Bernini, Giuliano},
  title         = {{VILLA}: {F}ield manual, results and future directions}
}

@Article{Wells1995,
  author        = {Wells, John C.},
  title         = {Computer-coding the {IPA}: {A} proposed extension of {SAMPA}},
  year          = 1995
}

@InCollection{Wells1997,
  address       = {Berlin},
  author        = {Wells, John C.},
  booktitle     = {Handbook of standards and resources for spoken language systems},
  editor        = {Gibbon, Dafydd and Moore, Roger K. and Winski, Richard},
  isbn          = {978-3-11-015366-8},
  publisher     = {Walter de Gruyter},
  title         = {{SAMPA} computer readable phonetic alphabet},
  year          = 1997
}

@InCollection{Wichmann2015,
  address       = {Berlin},
  author        = {Wichmann, Søren},
  booktitle     = {Valency classes in the world’s languages},
  editor        = {Malchukov, Andrej and Comrie, Bernard},
  publisher     = {De Gruyter Mouton},
  pages         = {155--181},
  sortname      = {Wichmann, Soren},
  title         = {Statistical observations on implicational (verb) hierarchies},
  year          = 2015
}

@InCollection{Wichmann2016,
  author        = {Wichmann, Søren},
  booktitle     = {Transitivity and valency alternations: {S}tudies on {Japanese} and beyond},
  editor        = {Kageyama, Tarō and Jacobsen, Wesley},
  isbn          = {978-3-11-047715-3},
  note          = {OCLC: 985599660},
  pages         = {423--444},
  sortname      = {Wichmann, Soren},
  title         = {Quantitative tests of implicational verb hierarchies},
  year          = 2016
}

@Book{Wickham2017,
  author        = {Wickham, Hadley},
  series        = {R package},
  title         = {{stringr}: {S}imple, consistent wrappers for common string operations},
  url           = {https://CRAN.R-project.org/package=stringr},
  year          = 2017
}

@Article{Williams2010,
  author        = {Williams, John N.},
  journal       = {Language Learning},
  number        = {S2},
  pages         = {221--244},
  title         = {Initial incidental acquisition of word order regularities: {I}s it just sequence learning?},
  volume        = 60,
  year          = 2010
}

@Article{WulffEtAl2009,
  author        = {Wulff, Stefanie and Ellis, Nick C. and Römer, Ute and Bardovi–Harlig, Kathleen and Leblanc, Chelsea J.},
  journal       = {The Modern Language Journal},
  number        = 3,
  pages         = {354--369},
  title         = {The acquisition of tense–aspect: {C}onverging evidence from corpora and telicity ratings},
  volume        = 93,
  year          = 2009
}

@Book{Wurzel1989,
  address       = {Dordrecht},
  author        = {Wurzel, Wolfgang U.},
  publisher     = {Kluwer Academic Publishers},
  title         = {Inflectional morphology and naturalness},
  year          = 1989,
  numpages      = 242
}

@Article{YearGordon2009,
  author        = {Year, Jungeun and Gordon, Peter},
  journal       = {The Modern Language Journal},
  number        = 3,
  pages         = {399--417},
  title         = {Korean speakers' acquisition of the {E}nglish ditransitive construction: {T}he role of verb prototype, input distribution, and frequency},
  volume        = 93,
  year          = 2009
}

@Article{ZhangLantolf2015,
  author        = {Zhang, Xian and Lantolf, James},
  journal       = {Language Learning},
  number        = 1,
  pages         = {152--180},
  title         = {Natural or artificial: {I}s the route of {L2} development teachable?},
  volume        = 65,
  year          = 2015
}

@Book{Zipf1935,
  address       = {New York, NY},
  author        = {Zipf, Georg},
  publisher     = {Houghton-Mifflin},
  title         = {The psycho-biology of language: {A}n introduction to dynamic philology},
  year          = 1935,
  numpages      = 336
}

@InCollection{Zygis2003,
  author        = {Zygis, Margena},
  booktitle     = {{ZAS} Papers in Linguistics},
  editor        = {Hall, Tracy A. and Hamann, Silke},
  pages         = {175--213},
  title         = {Phonetic and phonological aspects of {Slavic} sibilant fricatives},
  year          = 2003
}

@Article{Łuczyński2002,
  author        = {Łuczyński, Edward},
  journal       = {Biuletyn Polskiego Towarzystwa Językoznawczego},
  pages         = {157--165},
  sortname      = {Luczynski, Edward},
  title         = {Fleksja języka polskiego z punktu widzenia ontogenezy mowy},
  volume        = 58,
  year          = 2002
}

@Book{Łuczyński2004,
  address       = {Gdańsk},
  author        = {Łuczyński, Edward},
  publisher     = {Wydawnictwo Uniwersytetu Gdańskiego},
  sortname      = {Luczynski, Edward},
  title         = {Kategoria przypadka w ontogenezie języka polskiego czyli o wchodzeniu dziecka w rzeczywistość gramatyczną},
  year          = 2004
}

@Article{Łuczyński2010,
  author        = {Łuczyński, Edward},
  journal       = {Psychologia Rozwojowa},
  number        = 1,
  pages         = {9--18},
  sortname      = {Luczynski, Edward},
  title         = {Akwizycja gramatyki języka polskiego},
  volume        = 15,
  year          = 2010
}

@Article{ŻygisPadgett2010,
  author        = {Żygis, Marzena and Padgett, Jaye},
  journal       = {Journal of Phonetics},
  month         = 4,
  number        = 2,
  pages         = {207--226},
  sortname      = {Zygis, Marzena and Padgett, Jaye},
  title         = {A perceptual study of {Polish} fricatives, and its implications for historical sound change},
  volume        = 38,
  year          = 2010
}
